<?xml version="1.0" encoding="utf-8"?>
<record xmlns="http://www.loc.gov/MARC21/slim" xmlns:xsi="http://www.w3.org/2001/XMLSchema-instance" xsi:schemaLocation="http://www.loc.gov/MARC21/slim http://www.loc.gov/standards/marcxml/schema/MARC21slim.xsd">
	<leader>     nam a22     Mi 4500</leader>
	<controlfield tag="001">a36705</controlfield>
	<controlfield tag="003">aeadna</controlfield>
	<controlfield tag="006">m        d        </controlfield>
	<controlfield tag="007">cr cn |||m|||a</controlfield>
	<controlfield tag="008">220705s1908    le     fo    a000 0dara u</controlfield>
	<datafield ind1=" " ind2=" " tag="040">
		<subfield code="a">ZYU</subfield>
		<subfield code="b">ara</subfield>
		<subfield code="c">ZYU</subfield>
	</datafield>
	<datafield ind1="0" ind2=" " tag="041">
		<subfield code="a">ara</subfield>
	</datafield>
	<datafield ind1=" " ind2=" " tag="043">
		<subfield code="a">f-ti---</subfield>
	</datafield>
	<datafield ind1=" " ind2="4" tag="050">
		<subfield code="a">Z6620.T86</subfield>
		<subfield code="b">.J3 1908</subfield>
	</datafield>
	<datafield ind1=" " ind2=" " tag="082">
		<subfield code="a">011.3109611</subfield>
		<subfield code="b">21</subfield>
	</datafield>
	<datafield ind1="0" ind2="0" tag="245">
		<subfield code="6">880-01</subfield>
		<subfield code="a">Jāmiʻ al-Zaytūnah</subfield>
		<subfield code="h">[electronic resource] :</subfield>
		<subfield code="b">ʻammarahu Allāh.</subfield>
	</datafield>
	<datafield ind1="1" ind2="5" tag="246">
		<subfield code="a">Al Zaytounah Mosque, Al Abdaliah Library</subfield>
	</datafield>
	<datafield ind1=" " ind2=" " tag="260">
		<subfield code="6">880-02</subfield>
		<subfield code="a">Bayrūt :</subfield>
		<subfield code="b">Markaz al-Khadamāt wa-al-Abḥāth al-Thaqāfiyah,</subfield>
		<subfield code="c">1908 M.</subfield>
	</datafield>
	<datafield ind1=" " ind2=" " tag="300">
		<subfield code="6">880-03</subfield>
		<subfield code="a">online resource (2 v.)</subfield>
	</datafield>
	<datafield ind1="1" ind2=" " tag="490">
		<subfield code="6">880-04</subfield>
		<subfield code="a">Silsilat fahārīs al-maktabāt al-khaṭṭiyah al-nādirah ;</subfield>
		<subfield code="v">10</subfield>
	</datafield>
	<datafield ind1="1" ind2=" " tag="490">
		<subfield code="6">880-05</subfield>
		<subfield code="a">Mawsūʻat fahāris al-maktabāt wa al-makhṭūṭāt al-nādirah ;</subfield>
		<subfield code="v">50-51</subfield>
	</datafield>
	<datafield ind1=" " ind2=" " tag="500">
		<subfield code="a">Non-Latin script record</subfield>
	</datafield>
	<datafield ind1=" " ind2=" " tag="500">
		<subfield code="a">Part of the Arabic Collections Online (ACO) project, contributed by United Arab Emirates National Archives.</subfield>
	</datafield>
	<datafield ind1=" " ind2=" " tag="533">
		<subfield code="a">Electronic reproduction.</subfield>
		<subfield code="b">New York, N.Y. :</subfield>
		<subfield code="c">New York University,</subfield>
		<subfield code="d">2022.</subfield>
		<subfield code="5">NNU</subfield>
	</datafield>
	<datafield ind1="2" ind2="0" tag="610">
		<subfield code="6">880-06</subfield>
		<subfield code="a">Jāmiʻ al-Zaytūnah (Tunis, Tunisia).</subfield>
		<subfield code="b">al-Maktabah al-Ṣādqiyah</subfield>
		<subfield code="v">Catalogs.</subfield>
	</datafield>
	<datafield ind1="2" ind2="0" tag="610">
		<subfield code="6">880-07</subfield>
		<subfield code="a">Jāmiʻ al-Zaytūnah (Tunis, Tunisia).</subfield>
		<subfield code="b">al-Maktabah al-ʻAbddaliyah</subfield>
		<subfield code="v">Catalogs.</subfield>
	</datafield>
	<datafield ind1=" " ind2="0" tag="650">
		<subfield code="6">880-08</subfield>
		<subfield code="a">Manuscripts, Arabic</subfield>
		<subfield code="z">Tunisia</subfield>
		<subfield code="v">Catalogs.</subfield>
	</datafield>
	<datafield ind1="2" ind2=" " tag="710">
		<subfield code="6">880-09</subfield>
		<subfield code="a">Markaz al-Khidmāt wa-al-Abḥāth al-Thaqāfīyah (Beirut, Lebanon)</subfield>
	</datafield>
	<datafield ind1="2" ind2=" " tag="710">
		<subfield code="a">Abu Dhabi (United Arab Emirates).</subfield>
		<subfield code="b">National Archives.</subfield>
	</datafield>
	<datafield ind1="0" ind2=" " tag="730">
		<subfield code="a">Arabic Collections Online.</subfield>
	</datafield>
	<datafield ind1="0" ind2="8" tag="776">
		<subfield code="i">Print version:</subfield>
		<subfield code="t">Jāmiʻ al-Zaytūnah</subfield>
		<subfield code="w">(aeadna)a36705</subfield>
	</datafield>
	<datafield ind1=" " ind2="0" tag="830">
		<subfield code="6">880-10</subfield>
		<subfield code="a">Silsilat fahāris al-maktabāt al-khaṭṭiyah al-nādirah ;</subfield>
		<subfield code="v">10.</subfield>
	</datafield>
	<datafield ind1=" " ind2="0" tag="830">
		<subfield code="6">880-11</subfield>
		<subfield code="a">Mawsūʻat fahāris al-maktabāt wa al-makhṭūṭāt al-nādirah ;</subfield>
		<subfield code="v">50-51.</subfield>
	</datafield>
	<datafield ind1="4" ind2="0" tag="856">
		<subfield code="u">http://hdl.handle.net/2333.1/2fqz6bwc</subfield>
	</datafield>
	<datafield ind1="4" ind2="0" tag="856">
		<subfield code="u">http://hdl.handle.net/2333.1/2fqz6bwc</subfield>
	</datafield>
	<datafield ind1="0" ind2="0" tag="880">
		<subfield code="6">245-01</subfield>
		<subfield code="a">جامع الزيتونة :‎</subfield>
		<subfield code="b">عمره الله.‎</subfield>
	</datafield>
	<datafield ind1=" " ind2=" " tag="880">
		<subfield code="6">260-02</subfield>
		<subfield code="a">بيروت :‎</subfield>
		<subfield code="b">مركز الخدمات والأبحاث الثقافية،‎</subfield>
		<subfield code="c">1908 م.‎</subfield>
	</datafield>
	<datafield ind1=" " ind2=" " tag="880">
		<subfield code="6">300-03</subfield>
		<subfield code="a">2 ج.؛‎</subfield>
		<subfield code="c">25سم.‎</subfield>
	</datafield>
	<datafield ind1="1" ind2=" " tag="880">
		<subfield code="6">490-04</subfield>
		<subfield code="a">سلسلة فهاريس المكتبات الخطية النادرة ؛‎</subfield>
		<subfield code="v">10</subfield>
	</datafield>
	<datafield ind1="1" ind2=" " tag="880">
		<subfield code="6">490-05</subfield>
		<subfield code="a">موسوعة فهارس المكتبات و المخطوطات النادرة ؛‎</subfield>
		<subfield code="v">5051</subfield>
	</datafield>
	<datafield ind1=" " ind2=" " tag="880">
		<subfield code="6">500-00</subfield>
		<subfield code="a">طبع بالمطبعة الرسمية العربية بحاضرة تونس 1327هـ.‎</subfield>
	</datafield>
	<datafield ind1=" " ind2=" " tag="880">
		<subfield code="6">500-00</subfield>
		<subfield code="a">على أعلى صفحة الغلاف : مركز الخدمات والأبحاث الثقافية، صندوق البريد 5083/14 بيروت - لبنان.‎</subfield>
	</datafield>
	<datafield ind1=" " ind2=" " tag="880">
		<subfield code="6">500-00</subfield>
		<subfield code="a">حالة الكتاب المادية جيدة . مجلد. الطباعة اووف ست.‎</subfield>
	</datafield>
	<datafield ind1="0" ind2=" " tag="880">
		<subfield code="6">505-00</subfield>
		<subfield code="a">ج. 1:‎</subfield>
		<subfield code="t">المكتبة العبدلية،‎</subfield>
		<subfield code="g">ج. 2:‎</subfield>
		<subfield code="t">برنامج المكتبة الصادقية.‎</subfield>
	</datafield>
	<datafield ind1="2" ind2="4" tag="880">
		<subfield code="6">610-06</subfield>
		<subfield code="a">جامع الزيتونة (تونس).‎</subfield>
		<subfield code="b">المكتبة الصادقية.‎</subfield>
		<subfield code="v">فهارس‎</subfield>
	</datafield>
	<datafield ind1="2" ind2="4" tag="880">
		<subfield code="6">610-07</subfield>
		<subfield code="a">جامع الزيتونة (تونس).‎</subfield>
		<subfield code="b">المكتبة العبدلية.‎</subfield>
		<subfield code="v">فهارس‎</subfield>
	</datafield>
	<datafield ind1=" " ind2="4" tag="880">
		<subfield code="6">650-08</subfield>
		<subfield code="a">المخطوطات العربية‎</subfield>
		<subfield code="z">تونس‎</subfield>
		<subfield code="v">فهارس‎</subfield>
	</datafield>
	<datafield ind1="2" ind2=" " tag="880">
		<subfield code="6">710-09</subfield>
		<subfield code="a">مركز الخدمات والأبحاث الثقافية (بيروت)‎</subfield>
	</datafield>
	<datafield ind1=" " ind2="0" tag="880">
		<subfield code="6">830-10</subfield>
		<subfield code="a">سلسلة فهارس المكتبات الخطية النادرة ؛‎</subfield>
		<subfield code="v">10.</subfield>
	</datafield>
	<datafield ind1=" " ind2="0" tag="880">
		<subfield code="6">830-11</subfield>
		<subfield code="a">موسوعة فهارس المكتبات و المخطوطات النادرة ؛‎</subfield>
		<subfield code="v">50-51.</subfield>
	</datafield>
	<datafield ind1=" " ind2=" " tag="949">
		<subfield code="a">Z6620.T86</subfield>
		<subfield code="b">.J3 1908</subfield>
		<subfield code="z">VOL. 1</subfield>
		<subfield code="w">LC</subfield>
		<subfield code="c">1</subfield>
		<subfield code="i">30018000061754</subfield>
		<subfield code="l">AV</subfield>
		<subfield code="m">MAIN</subfield>
		<subfield code="r">Y</subfield>
		<subfield code="s">Y</subfield>
		<subfield code="t">NCIRC</subfield>
		<subfield code="u">25/7/2012</subfield>
		<subfield code="x">RAR</subfield>
	</datafield>
	<datafield ind1=" " ind2=" " tag="949">
		<subfield code="a">Z6620 .T86 .J3 1908 VOL. 2</subfield>
		<subfield code="w">LC</subfield>
		<subfield code="c">1</subfield>
		<subfield code="i">30018000062082</subfield>
		<subfield code="l">AV</subfield>
		<subfield code="m">MAIN</subfield>
		<subfield code="r">Y</subfield>
		<subfield code="s">Y</subfield>
		<subfield code="t">NCIRC</subfield>
		<subfield code="u">25/7/2012</subfield>
		<subfield code="x">RAR</subfield>
	</datafield>
	<datafield ind1=" " ind2=" " tag="959">
		<subfield code="a">NNU</subfield>
		<subfield code="b">WEB</subfield>
		<subfield code="c">GENI</subfield>
		<subfield code="t">0</subfield>
		<subfield code="m">Electronic access</subfield>
		<subfield code="s">01</subfield>
	</datafield>
	<datafield ind1=" " ind2=" " tag="959">
		<subfield code="a">NNU</subfield>
		<subfield code="b">WEB</subfield>
		<subfield code="c">GENI</subfield>
		<subfield code="t">0</subfield>
		<subfield code="m">Electronic access</subfield>
		<subfield code="s">01</subfield>
	</datafield>
	<datafield ind1=" " ind2=" " tag="999">
		<subfield code="i">aeadna_a36705</subfield>
		<subfield code="s">uaena_aco000111:1</subfield>
		<subfield code="s">uaena_aco000112:2</subfield>
		<subfield code="e">(ERROR-880)</subfield>
		<subfield code="s">uaena_aco000111:1</subfield>
		<subfield code="s">uaena_aco000112:2</subfield>
	</datafield>
</record>
